@article{fraley2002model,
  title={Model-based clustering, discriminant analysis, and density estimation},
  author={Fraley, Chris and Raftery, Adrian E},
  journal={Journal of the American statistical Association},
  volume={97},
  number={458},
  pages={611--631},
  year={2002},
  publisher={Taylor \& Francis}
}

@article{jing2013dictionary,
  title={Dictionary learning-based subspace structure identification in spectral clustering},
  author={Jing, Liping and Ng, Michael K and Zeng, Tieyong},
  journal={IEEE transactions on neural networks and learning systems},
  volume={24},
  number={8},
  pages={1188--1199},
  year={2013},
  publisher={IEEE}
}

@inproceedings{niu2011dimensionality,
  title={Dimensionality Reduction for Spectral Clustering.},
  author={Niu, Donglin and Dy, Jennifer G and Jordan, Michael I},
  booktitle={AISTATS},
  pages={552--560},
  year={2011}
}

@article{witten2012framework,
  title={A framework for feature selection in clustering},
  author={Witten, Daniela M and Tibshirani, Robert},
  journal={Journal of the American Statistical Association},
  year={2012},
  publisher={Taylor \& Francis}
}

@inproceedings{lee2015bayesian,
  title={Bayesian Hierarchical Clustering with Exponential Family: Small-Variance Asymptotics and Reducibility.},
  author={Lee, Juho and Choi, Seungjin},
  booktitle={AISTATS},
  year={2015}
}

@inproceedings{liu2003pca,
  title={Bayesian clustering with variable and transformation selections},
  author={Liu, Jun S and Zhang, Junni L and Palumbo, Michael J and Lawrence, Charles E},
  booktitle={Bayesian Statistics 7: Proceedings of the Seventh Valencia International Meeting},
  pages={249},
  year={2003},
  organization={Oxford University Press, USA}
}

@article{tamayo2007metagene,
  title={Metagene projection for cross-platform, cross-species characterization of global transcriptional states},
  author={Tamayo, Pablo and Scanfeld, Daniel and Ebert, Benjamin L and Gillette, Michael A and Roberts, Charles WM and Mesirov, Jill P},
  journal={Proceedings of the National Academy of Sciences},
  volume={104},
  number={14},
  pages={5959--5964},
  year={2007},
  publisher={National Acad Sciences}
}

@book{Kulesza:2012:DPP:2481023,
 author = {Kulesza, Alex and Taskar, Ben},
 title = {Determinantal Point Processes for Machine Learning},
 year = {2012},
 isbn = {1601986289, 9781601986283},
 publisher = {Now Publishers Inc.},
 address = {Hanover, MA, USA},
} 

@inproceedings{petralia2012repulsive,
  title={Repulsive mixtures},
  author={Petralia, Francesca and Rao, Vinayak and Dunson, David B},
  booktitle={Advances in Neural Information Processing Systems},
  pages={1889--1897},
  year={2012}
}

@inproceedings{macqueen1967some,
  title={Some methods for classification and analysis of multivariate observations},
  author={MacQueen, James and others},
  booktitle={Proceedings of the fifth Berkeley symposium on mathematical statistics and probability},
  volume={1},
  number={14},
  pages={281--297},
  year={1967},
  organization={Oakland, CA, USA.}
}